% Journal strings
% ---------------

@string{AG=   {Annals of Glaciology}}
@string{BAMS= {Bulletin of the American Meteorological Society}}
@string{CD=   {Climate Dynamics}}
@string{CP=   {Climate of the Past}}
@string{IJC=  {International Journal of Climatology}}
@string{JG=   {Journal of Glaciology}}
@string{JGR=  {Journal of Geophysical Research}}
@string{QJRMS={Quarterly Journal of the Royal Meteorological Society}}
@string{TC=   {The Cryosphere}}

% Methods
% -------
@article{bueler-brown-2009,
	author={E. Bueler and J. Brown},
	title={Shallow shelf approximation as a ``sliding law'' in a thermodynamically coupled ice sheet model},
	journal=JGR,volume=114,pages={F03008},year=2009}

@article{calov-greve-2011,
	author={Reinhard Calov and Ralf Greve},
	title={A semi-analytical solution for the positive degree-day model with stochastic temperature variations},
	journal=JG,volume=51,number=172,pages={173-175},year=2011}

% Data sources
% ------------

@misc{data:etopo1,
	author={C. Amante and B. W. Eakins},
	title={ETOPO1 1 arc-minute global relief model: procedures, data sources and analysis, NOAA technical memorandum NESDIS NGDC-24},
	year=2009}

@article{data:cfsr,
	author={Suranjana Saha and Shrinivas Moorthi and Hua-Lu Pan and Xingren Wu and Jiande Wang and Sudhir Nadiga and Patrick Tripp and Robert Kistler and John Woollen and David Behringer and Haixia Liu and Diane Stokes and Robert Grumbine and George Gayno and Jun Wang and Yu-Tai Hou and Hui-Ya Chuang and Hann-Ming H. Juang and Joe Sela and Mark Iredell and Russ Treadon and Daryl Kleist and Paul Van Delst and Dennis Keyser and John Derber and Michael Ek and Jesse Meng and Helin Wei and Rongqian Yang and Stephen Lord and Huug Van Den Dool and Arun Kumar and Wanqiu Wang and Craig Long and Muthuvel Chelliah and Yan Xue and Boyin Huang and Jae-Kyung Schemm and Wesley Ebisuzaki and Roger Lin and Pingping Xie and Mingyue Chen and Shuntai Zhou and Wayne Higgins and Cheng-Zhi Zou and Quanhua Liu and Yong Chen and Yong Han and Lidia Cucurull and Richard W. Reynolds and Glenn Rutledge and and Mitch Goldberg},
	title={The NCEP climate forecast system reanalysis},
	journal=BAMS, volume=91, number=8, pages={1015-1057}, year=2010}

@article{data:erai,
	author={Dee, D. P. and Uppala, S. M. and Simmons, A. J. and Berrisford, P. and Poli, P. and Kobayashi, S. and Andrae, U. and Balmaseda, M. A. and Balsamo, G. and Bauer, P. and Bechtold, P. and Beljaars, A. C. M. and van de Berg, L. and Bidlot, J. and Bormann, N. and Delsol, C. and Dragani, R. and Fuentes, M. and Geer, A. J. and Haimberger, L. and Healy, S. B. and Hersbach, H. and Hólm, E. V. and Isaksen, L. and Kållberg, P. and Köhler, M. and Matricardi, M. and McNally, A. P. and Monge-Sanz, B. M. and Morcrette, J.-J. and Park, B.-K. and Peubey, C. and de Rosnay, P. and Tavolato, C. and Thépaut, J.-N. and Vitart, F.},
	title={The ERA-Interim reanalysis: configuration and performance of the data assimilation system},
	journal=QJRMS, volume=137, number=656, pages={553-597}, year=2011}
%doi={10.1002/qj.828}

@article{data:ncar,
	title={The NCEP/NCAR 40-year reanalysis project},
	author={Kalnay, Eugenia and Kanamitsu, M and Kistler, R and Collins, W and Deaven, D and Gandin, L and Iredell, Mo and Saha, S and White, G and Woollen, J and others},
	journal=BAMS, volume=77, number=3, pages={437-471}, year=1996}

@article{data:narr,
	author={Mesinger, Fedor and DiMego, Geoff and Kalnay, Eugenia and Mitchell, Kenneth and Shafran, Perry C and Ebisuzaki, Wesley and Jovic, Du{\v{s}}an and Woollen, Jack and Rogers, Eric and Berbery, Ernesto H and others},
	title={North American regional reanalysis},
	journal=BAMS, volume=87, number=3, pages={343-360}, year=2006}

@misc{data:naturalearth,
	author={NaturalEarth},
	title={Free vector and raster map data},
	url={http://naturalearthdata.com}, year={accessed in 2010}}

@article{data:worldclim,
	author={Robert J. Hijmans and Susan E. Cameron and Juan L. Parra and Peter G. Jones and Andrew Jarvis},
	title={Very high resolution interpolated climate surfaces for global land areas},
	journal=IJC, volume=25, pages={1965-1978}, year=2005,
	url={http://www.worldclim.org}}

